@misc{stacks-project,
  author       = {The {Stacks project authors}},
  title        = {The Stacks project},
  howpublished = {\url{https://stacks.math.columbia.edu}},
  year         = {2023},
  shorthand = {Stacks}
}


@misc{HabiroNumberField,
      title={The Habiro ring of a number field}, 
      author={Stavros Garoufalidis and Peter Scholze and Campbell Wheeler and Don Zagier},
      year={2024},
      eprint={2412.04241},
      archivePrefix={arXiv},
      primaryClass={math.NT},
      url={https://arxiv.org/abs/2412.04241}, 
      shorthand = {GS+24}
}

@Article{HabiroRing,
 Author = {Habiro, Kazuo},
 Title = {Cyclotomic completions of polynomial rings},
 FJournal = {Publications of the Research Institute for Mathematical Sciences, Kyoto University},
 Journal = {Publ. Res. Inst. Math. Sci.},
 ISSN = {0034-5318},
 Volume = {40},
 Number = {4},
 Pages = {1127--1146},
 Year = {2004},
 Language = {English},
 DOI = {10.2977/prims/1145475444},
 Keywords = {13J10,13B25,13B35},
 zbMATH = {2185479},
 Zbl = {1098.13032},
 shorthand = {Hab04}
}

@Article{qDeformations,
 Author = {Scholze, Peter},
 Title = {Canonical {{\(q\)}}-deformations in arithmetic geometry},
 FJournal = {Annales de la Facult{\'e} des Sciences de Toulouse. Math{\'e}matiques. S{\'e}rie VI},
 Journal = {Ann. Fac. Sci. Toulouse, Math. (6)},
 ISSN = {0240-2963},
 Volume = {26},
 Number = {5},
 Pages = {1163--1192},
 Year = {2017},
 Language = {English},
 DOI = {10.5802/afst.1563},
 Keywords = {14G40,14F40,14G20},
 zbMATH = {6852451},
 Zbl = {1461.14031},
 shorthand = {Sch17}
}

@misc{WagnerQWittQHodge,
      title={$q$-Witt vectors and $q$-Hodge complexes}, 
      author={Ferdinand Wagner},
      year={2024},
      eprint={2410.23078},
      archivePrefix={arXiv},
      primaryClass={math.NT},
      url={https://arxiv.org/abs/2410.23078}, 
      shorthand = {Wag24}
}

@misc{WagnerMSThesis,
  author = {Wagner, Ferdinand},
  note = {MS thesis at the Universit√§t Bonn},
  title = {On q-de Rham cohomology},
  year = {2022},
  shorthand = {Wag22}
}

@misc{MeyerWagner,
      title={Derived $q$-Hodge complexes and refined $\operatorname{TC}^-$}, 
      author={Samuel Meyer and Ferdinand Wagner},
      year={2024},
      eprint={2410.23115},
      archivePrefix={arXiv},
      primaryClass={math.AT},
      url={https://arxiv.org/abs/2410.23115}, 
      shorthand = {MW24}
}

@Article{PrismsPrismatic,
 Author = {Bhatt, Bhargav and Scholze, Peter},
 Title = {Prisms and prismatic cohomology},
 FJournal = {Annals of Mathematics. Second Series},
 Journal = {Ann. Math. (2)},
 ISSN = {0003-486X},
 Volume = {196},
 Number = {3},
 Pages = {1135--1275},
 Year = {2022},
 Language = {English},
 DOI = {10.4007/annals.2022.196.3.5},
 Keywords = {14F20,14F30,14F40},
 zbMATH = {7611906},
 shorthand = {BS22}
}

@misc{Polylogarithm,
  author = {Weisstein, Eric W.},
  title = {Polylogarithm},
  url = {https://mathworld.wolfram.com/Polylogarithm.html},
  year = {2002},
  shorthand = {Wei02a}
}

@Article{NahmAsymptotics,
 Author = {Garoufalidis, Stavros and Zagier, Don},
 Title = {Asymptotics of {Nahm} sums at roots of unity},
 FJournal = {The Ramanujan Journal},
 Journal = {Ramanujan J.},
 ISSN = {1382-4090},
 Volume = {55},
 Number = {1},
 Pages = {219--238},
 Year = {2021},
 Language = {English},
 DOI = {10.1007/s11139-020-00266-x},
 Keywords = {57K16,57K31},
 zbMATH = {7344932},
 Zbl = {1479.57031},
 shorthand = {GZ21}
}

@misc{HabiroCourse,
  author = {Scholze, Peter},
  title = {The Habiro Ring of a Number Field},
  year = {2024},
  url = {https://archive.mpim-bonn.mpg.de/id/eprint/5132/},
  note = {Lectures from a course at the Universit\"{a}t Bonn, Winter 2025-25},
  shorthand = {Sch24}
}

@misc{FGauges,
  author = {Bhatt, Bhargav},
  title = {Prismatic $F$-gauges},
  year = {2022},
  url = {https://www.math.ias.edu/~bhatt/teaching/mat549f22/lectures.pdf},
  note = {Lecture notes from a course at Princeton University, Fall 2022},
  shorthand = {Bha22}
}

@misc{PicardFuchs,
  author = {{nLab authors}},
  title = {{{P}}icard-{{F}}uchs equation},
  howpublished = {\url{https://ncatlab.org/nlab/show/Picard-Fuchs+equation}},
  note = {\href{https://ncatlab.org/nlab/revision/Picard-Fuchs+equation/2}{Revision 2}},
  month = apr,
  year = 2025,
  shorthand = {nLab-a}
}

@misc{Shirai,
      title={$q$-deformation with ($\varphi, \Gamma$) structure of the de Rham cohomology of the Legendre family of elliptic curves}, 
      author={Ryotaro Shirai},
      year={2020},
      eprint={2006.12310},
      archivePrefix={arXiv},
      primaryClass={math.AG},
      url={https://arxiv.org/abs/2006.12310}, 
      shorthand = {Shi20}
}

@misc{DrinfeldPrismatization,
      title={Prismatization}, 
      author={Vladimir Drinfeld},
      year={2024},
      eprint={2005.04746},
      archivePrefix={arXiv},
      primaryClass={math.AG},
      url={https://arxiv.org/abs/2005.04746}, 
      shorthand = {Dri20}
}

@misc{BhattLurieAbsolute,
      title={Absolute prismatic cohomology}, 
      author={Bhargav Bhatt and Jacob Lurie},
      year={2022},
      eprint={2201.06120},
      archivePrefix={arXiv},
      primaryClass={math.AG},
      url={https://arxiv.org/abs/2201.06120}, 
      shorthand = {BL22}
}

@misc{AnalyticStacks,
  author = {Clausen, Dustin and Scholze, Peter},
  title = {Lectures on Analytic Stacks},
  year = {2023},
  url = {https://youtube.com/playlist?list=PLx5f8IelFRgGmu6gmL-Kf_Rl_6Mm7juZO&si=aEs5GIFUAu4PW_i0},
  note = {Lecture notes from a course at the Universit\"{a}t Bonn, Winter 2023-24},
  shorthand = {CS23}
}